@book{Sarle94neuralnetworks,
    author = {Warren S. Sarle},
    title = {Neural Networks and Statistical Models},
    year = {1994}
}

@book{kraut,
    author = {Helmut Kraut},
    title = {Informatikunterricht E - Q2},
    year = {2014 - 2018}
}

